@book{httpsOreillyBook,
    author  = {Kim Topley},
    title   = {Java Web Services in a Nutshell},
    publisher = {O'Reilly},
    year    = {2003},
    pages   = {153-158},
}
 
@misc{hgb,
	title  = {{Computational Intelligence and Optimization An Introduction}},
	author = {{Hans-Georg Beyer}},
}

@INBOOK{restBook,
	author  = {{Hans-Georg Beyer}},
	title  = {{Computational Intelligence and Optimization An Introduction}},
	pages  = {{247}},
}

@misc{restSoapGalileo,
  title  = {{Galileo Computing - SOAP und RESTful}},
  
  howpublished = "\url{http://openbook.galileocomputing.de/java7/1507_13_001.html}",
  note = "[Online; abgerufen am 02-September-2013]"
}